@article{poletto1999linear,
    title={Linear Scan Register Allocation},
    author={Poletto, Massimiliano and Sarkar, Vivek},
    journal={ACM Transactions on Programming Languages and Systems},
    volume={21},
    number={5},
    pages={895--913},
    year={1999},
    publisher={ACM New York, NY, USA}
}

@book{cooper2012engineering,
    title={Engineering a Compiler},
    author={Cooper, K.D. and Torczon, L.},
    edition={2},
    isbn={978-0120884780},
    year={2012},
    publisher={Morgan Kaufmann}
}

@Book{compiler2009aho,
    title={编译原理},
    publisher={北京: 机械工业出版社},
    year={2009},
    author={Aho, Alfred V and Sethi, Ravi and Ullman, Jeffrey D},
    note={译者: 赵建华, 郑滔, 戴新宇},
    isbn={978-7111251217}
}

@book{appel2004modern,
    title={Modern Compiler Implementation in C},
    author={Appel, Andrew W},
    year={2004},
    publisher={Cambridge University Press},
    isbn={978-0521607650}
}